
@online{noauthor_ligos_nodate,
	title = {{LIGO}'s Interferometer},
	url = {https://www.ligo.caltech.edu/page/ligos-ifo},
	abstract = {Bringing together "What is {LIGO}" and "What is an Interferometer?" content to explain {LIGO}'s {IFO} design.},
	titleaddon = {{LIGO} Lab {\textbar} Caltech},
	urldate = {2023-03-06},
	file = {Snapshot:/home/peakcipher/Zotero/storage/RMKE3WU4/ligos-ifo.html:text/html},
}

@article{giampieri_algorithms_1996,
	title = {Algorithms for unequal-arm Michelson interferometers},
	volume = {123},
	issn = {00304018},
	url = {https://linkinghub.elsevier.com/retrieve/pii/0030401895006117},
	doi = {10.1016/0030-4018(95)00611-7},
	pages = {669--678},
	number = {4},
	journaltitle = {Optics Communications},
	shortjournal = {Optics Communications},
	author = {Giampieri, Giacomo and Hellings, Ronald W. and Tinto, Massimo and Faller, James E.},
	urldate = {2023-03-06},
	date = {1996-02},
	langid = {english},
	file = {Algorithms for unequal-arm Michelson interferometers:/home/peakcipher/Zotero/storage/WDW2KBC4/giampieri1996.pdf.pdf:application/pdf},
}

@article{xu_relationship_2014,
	title = {On relationship between annealing treatment and magnetostriction behavior of Fe–16Cr–2.5Mo damping alloy},
	volume = {582},
	issn = {09258388},
	url = {https://linkinghub.elsevier.com/retrieve/pii/S0925838813019300},
	doi = {10.1016/j.jallcom.2013.08.070},
	pages = {364--368},
	journaltitle = {Journal of Alloys and Compounds},
	shortjournal = {Journal of Alloys and Compounds},
	author = {Xu, Yong-gang and Chen, Xiao-gang},
	urldate = {2023-03-06},
	date = {2014-01},
	langid = {english},
	file = {On relationship between annealing treatment and magnetostriction behavior of Fe–16Cr–2.5Mo damping alloy:/home/peakcipher/Zotero/storage/AG2WSNJY/xu2014.pdf.pdf:application/pdf},
}

@article{yanase_measurement_2001,
	title = {Measurement of magnetostriction and magnetic properties in an open magnetic circuit},
	volume = {108},
	issn = {09240136},
	url = {https://linkinghub.elsevier.com/retrieve/pii/S0924013600007597},
	doi = {10.1016/S0924-0136(00)00759-7},
	pages = {221--224},
	number = {2},
	journaltitle = {Journal of Materials Processing Technology},
	shortjournal = {Journal of Materials Processing Technology},
	author = {Yanase, Shunji and Yamamoto, Kazuhiro and Okazaki, Yasuo},
	urldate = {2023-03-06},
	date = {2001-01},
	langid = {english},
	file = {Measurement of magnetostriction and magnetic properties in an open magnetic circuit:/home/peakcipher/Zotero/storage/UW8C4297/yanase2001.pdf.pdf:application/pdf},
}

@article{kwaaitaal_measurement_1977,
	title = {The measurement of small magnetostrictive effects by an interferometric method},
	volume = {6},
	issn = {03048853},
	url = {https://linkinghub.elsevier.com/retrieve/pii/0304885377901305},
	doi = {10.1016/0304-8853(77)90130-5},
	pages = {290--294},
	journaltitle = {Journal of Magnetism and Magnetic Materials},
	shortjournal = {Journal of Magnetism and Magnetic Materials},
	author = {Kwaaitaal, Th.},
	urldate = {2023-03-06},
	date = {1977-08},
	langid = {english},
	file = {The measurement of small magnetostrictive effects by an interferometric method:/home/peakcipher/Zotero/storage/YTEPJ596/kwaaitaal1977.pdf.pdf:application/pdf},
}

@article{nakata_magnetostriction_1994,
	title = {Magnetostriction measurements with a laser Doppler velocimeter},
	volume = {30},
	issn = {00189464},
	url = {http://ieeexplore.ieee.org/document/334149/},
	doi = {10.1109/20.334149},
	pages = {4563--4565},
	number = {6},
	journaltitle = {{IEEE} Transactions on Magnetics},
	shortjournal = {{IEEE} Trans. Magn.},
	author = {Nakata, T. and Takahashi, N. and Nakano, M. and Muramatsu, K. and Miyake, P.},
	urldate = {2023-03-06},
	date = {1994-11},
	file = {Submitted Version:/home/peakcipher/Zotero/storage/X7B67ZYR/Nakata et al. - 1994 - Magnetostriction measurements with a laser Doppler.pdf:application/pdf},
}
