
@misc{noauthor_ligos_nodate,
	title = {{LIGO}'s {Interferometer}},
	url = {https://www.ligo.caltech.edu/page/ligos-ifo},
	abstract = {Bringing together "What is LIGO" and "What is an Interferometer?" content to explain LIGO's IFO design.},
	urldate = {2023-03-06},
	journal = {LIGO Lab {\textbar} Caltech},
	file = {Snapshot:files/849/ligos-ifo.html:text/html},
}

@article{giampieri_algorithms_1996,
	title = {Algorithms for unequal-arm {Michelson} interferometers},
	volume = {123},
	issn = {00304018},
	url = {https://linkinghub.elsevier.com/retrieve/pii/0030401895006117},
	doi = {10.1016/0030-4018(95)00611-7},
	language = {en},
	number = {4-6},
	urldate = {2023-03-06},
	journal = {Optics Communications},
	author = {Giampieri, Giacomo and Hellings, Ronald W. and Tinto, Massimo and Faller, James E.},
	month = feb,
	year = {1996},
	pages = {669--678},
	file = {Algorithms for unequal-arm Michelson interferometers:files/858/giampieri1996.pdf.pdf:application/pdf},
}

@article{xu_relationship_2014,
	title = {On relationship between annealing treatment and magnetostriction behavior of {Fe}–{16Cr}–2.{5Mo} damping alloy},
	volume = {582},
	issn = {09258388},
	url = {https://linkinghub.elsevier.com/retrieve/pii/S0925838813019300},
	doi = {10.1016/j.jallcom.2013.08.070},
	language = {en},
	urldate = {2023-03-06},
	journal = {Journal of Alloys and Compounds},
	author = {Xu, Yong-gang and Chen, Xiao-gang},
	month = jan,
	year = {2014},
	pages = {364--368},
	file = {On relationship between annealing treatment and magnetostriction behavior of Fe–16Cr–2.5Mo damping alloy:files/860/xu2014.pdf.pdf:application/pdf},
}

@article{yanase_measurement_2001,
	title = {Measurement of magnetostriction and magnetic properties in an open magnetic circuit},
	volume = {108},
	issn = {09240136},
	url = {https://linkinghub.elsevier.com/retrieve/pii/S0924013600007597},
	doi = {10.1016/S0924-0136(00)00759-7},
	language = {en},
	number = {2},
	urldate = {2023-03-06},
	journal = {Journal of Materials Processing Technology},
	author = {Yanase, Shunji and Yamamoto, Kazuhiro and Okazaki, Yasuo},
	month = jan,
	year = {2001},
	pages = {221--224},
	file = {Measurement of magnetostriction and magnetic properties in an open magnetic circuit:files/859/yanase2001.pdf.pdf:application/pdf},
}

@article{kwaaitaal_measurement_1977,
	title = {The measurement of small magnetostrictive effects by an interferometric method},
	volume = {6},
	issn = {03048853},
	url = {https://linkinghub.elsevier.com/retrieve/pii/0304885377901305},
	doi = {10.1016/0304-8853(77)90130-5},
	language = {en},
	urldate = {2023-03-06},
	journal = {Journal of Magnetism and Magnetic Materials},
	author = {Kwaaitaal, Th.},
	month = aug,
	year = {1977},
	pages = {290--294},
	file = {The measurement of small magnetostrictive effects by an interferometric method:files/857/kwaaitaal1977.pdf.pdf:application/pdf},
}

@article{nakata_magnetostriction_1994,
	title = {Magnetostriction measurements with a laser {Doppler} velocimeter},
	volume = {30},
	issn = {00189464},
	url = {http://ieeexplore.ieee.org/document/334149/},
	doi = {10.1109/20.334149},
	number = {6},
	urldate = {2023-03-06},
	journal = {IEEE Transactions on Magnetics},
	author = {Nakata, T. and Takahashi, N. and Nakano, M. and Muramatsu, K. and Miyake, P.},
	month = nov,
	year = {1994},
	pages = {4563--4565},
	file = {Submitted Version:files/856/Nakata et al. - 1994 - Magnetostriction measurements with a laser Doppler.pdf:application/pdf},
}
